@article{crosby2016blockchain,
  title={Blockchain technology: Beyond bitcoin},
  author={Crosby, Michael and Pattanayak, Pradan and Verma, Sanjeev and Kalyanaraman, Vignesh},
  journal={Applied Innovation},
  volume={2},
  pages={6--10},
  year={2016}
}


@article{nakamoto2009bitcoin,
  added-at = {2011-11-13T16:57:10.000+0100},
  author = {Nakamoto, Satoshi},
  biburl = {https://www.bibsonomy.org/bibtex/2974d35fdb27dea57296ed2245556aa18/gizmoguy},
  interhash = {423c2cdff70ba0cd0bca55ebb164d770},
  intrahash = {974d35fdb27dea57296ed2245556aa18},
  keywords = {bitcoin cash electronic peer privacy},
  month = may,
  timestamp = {2011-11-13T16:57:10.000+0100},
  title = {Bitcoin: A Peer-to-Peer Electronic Cash System},
  url = {http://www.bitcoin.org/bitcoin.pdf},
  year = 2009
}


@url{banafa2017Blockchain,
	author = {Ahmed Banafa},
	Date-Added = {2018-09-21 04:29:44 +0000},
	Date-Modified = {2018-09-21 04:31:55 +0000},
	Keywords = {blockchain, risks},
	title = {IC y Blockchain: retos y riesgos},
	Urldate = {https://www.bbvaopenmind.com/ic-y-blockchain-retos-y-riesgos/},
	biburl = {ttps://www.bbvaopenmind.com/ic-y-blockchain-retos-y-riesgos/}
}




